<record><leader>00000cas a22000007a 4500</leader><controlfield tag="001">42045768</controlfield><controlfield tag="008">990810d19051908sduwr ne      0    0eng d</controlfield><datafield ind1=" " ind2=" " tag="010"><subfield code="a">sn 99068012 </subfield></datafield><datafield ind1=" " ind2=" " tag="040"><subfield code="a">SXN</subfield><subfield code="b">eng</subfield><subfield code="c">SXN</subfield><subfield code="d">OCLCO</subfield></datafield><datafield ind1=" " ind2=" " tag="042"><subfield code="a">msc</subfield></datafield><datafield ind1=" " ind2=" " tag="043"><subfield code="a">n-us-sd</subfield></datafield><datafield ind1="0" ind2=" " tag="130"><subfield code="a">Globe (Corsica, S.D.)</subfield></datafield><datafield ind1="0" ind2="4" tag="245"><subfield code="a">The globe.</subfield></datafield><datafield ind1=" " ind2=" " tag="260"><subfield code="a">Harrison, Douglas County, S.D. :</subfield><subfield code="b">Geo. E. Culver,</subfield><subfield code="c">1905-1908.</subfield></datafield><datafield ind1=" " ind2=" " tag="300"><subfield code="a">v.</subfield></datafield><datafield ind1=" " ind2=" " tag="310"><subfield code="a">Weekly</subfield></datafield><datafield ind1="0" ind2=" " tag="362"><subfield code="a">Vol. 22, no. 16 (Aug. 24, 1905)-v. 25, no. 35 (Jan. 7, 1908).</subfield></datafield><datafield ind1=" " ind2=" " tag="500"><subfield code="a">Published in: Harrison, Aug. 24-Sept. 7, 1905; and in: Corsica, Sept. 14, 1905-1908.</subfield></datafield><datafield ind1=" " ind2=" " tag="530"><subfield code="a">Available on microfilm from: State Archives, South Dakota State Historical Society.</subfield></datafield><datafield ind1=" " ind2="0" tag="651"><subfield code="a">Harrison (S.D.)</subfield><subfield code="v">Newspapers.</subfield></datafield><datafield ind1=" " ind2="0" tag="651"><subfield code="a">Corsica (S.D.)</subfield><subfield code="v">Newspapers.</subfield></datafield><datafield ind1=" " ind2="0" tag="651"><subfield code="a">Douglas County (S.D.)</subfield><subfield code="v">Newspapers.</subfield></datafield><datafield ind1=" " ind2=" " tag="752"><subfield code="a">United States</subfield><subfield code="b">South Dakota</subfield><subfield code="c">Douglas</subfield><subfield code="d">Corsica.</subfield></datafield><datafield ind1=" " ind2=" " tag="752"><subfield code="a">United States</subfield><subfield code="b">South Dakota</subfield><subfield code="c">Douglas</subfield><subfield code="d">Harrison.</subfield></datafield><datafield ind1="0" ind2="0" tag="780"><subfield code="t">Harrison globe</subfield><subfield code="w">(DLC)sn 99068011</subfield></datafield><datafield ind1="0" ind2="0" tag="785"><subfield code="t">Corsica globe</subfield><subfield code="w">(DLC)sn 85042719</subfield></datafield></record>